@misc{NodeJSModules,
author = {NodeJSModules},
mendeley-groups = {bakk2},
title = {{Modules | Node.js v10.4.1 Documentation}},
url = {https://nodejs.org/api/modules.html},
urldate = {2018-06-15}
}

@misc{ESLintNewRules,
author = {ESLintNewRules},
mendeley-groups = {bakk2},
title = {{New Rules - ESLint - Pluggable JavaScript linter}},
url = {https://eslint.org/docs/developer-guide/contributing/new-rules},
urldate = {2018-04-04}
}

@book{Johnson1978,
author = {Johnson, SC},
mendeley-groups = {bakk2},
title = {{Lint, a C program checker}},
url = {https://pdfs.semanticscholar.org/7461/7cffa3c6438d04aa99bef1cca415de47d0d3.pdf},
year = {1978}
}

@article{Johnson,
author = {Johnson, B and Song, Y and Murphy-Hill, E and Bowdidge, R},
file = {:C$\backslash$:/Users/sille/AppData/Local/Mendeley Ltd./Mendeley Desktop/Downloaded/Johnson et al. - Unknown - Why Don't Software Developers Use Static Analysis Tools to Find Bugs.pdf:pdf},
journal = {pdfs.semanticscholar.org},
mendeley-groups = {bakk2},
title = {{Why Don't Software Developers Use Static Analysis Tools to Find Bugs?}},
url = {https://pdfs.semanticscholar.org/060c/c5c0fa6bed9a39bdb6f9c995586f4709006e.pdf}
}

@article{Bessey2010,
author = {Bessey, Al and Engler, Dawson and Block, Ken and Chelf, Ben and Chou, Andy and Fulton, Bryan and Hallem, Seth and Henri-Gros, Charles and Kamsky, Asya and McPeak, Scott},
doi = {10.1145/1646353.1646374},
file = {:D$\backslash$:/Downloads/bessey2010.pdf:pdf},
issn = {00010782},
journal = {Communications of the ACM},
mendeley-groups = {bakk2},
month = {feb},
number = {2},
pages = {66--75},
title = {{A few billion lines of code later}},
url = {http://portal.acm.org/citation.cfm?doid=1646353.1646374},
volume = {53},
year = {2010}
}

@article{Bush,
author = {Bush, WR and Pincus, JD and And, DJ Sielaff - Software-Practice and undefined 2000},
file = {:C$\backslash$:/Users/sille/AppData/Local/Mendeley Ltd./Mendeley Desktop/Downloaded/Bush et al. - Unknown - A static analyzer for finding dynamic programming errors.pdf:pdf},
journal = {web2.cs.columbia.edu},
mendeley-groups = {bakk2},
title = {{A static analyzer for finding dynamic programming errors}},
url = {http://web2.cs.columbia.edu/{~}junfeng/08fa-e6998/sched/readings/prefix.pdf}
}

@article{Louridas2006,
author = {Louridas, P},
doi = {10.1109/MS.2006.114},
file = {:C$\backslash$:/Users/sille/AppData/Local/Mendeley Ltd./Mendeley Desktop/Downloaded/Software, 2006 - Unknown - Static code analysis.pdf:pdf},
journal = {IEEE Software},
mendeley-groups = {bakk2},
pages = {58--61},
title = {{Static code analysis}},
url = {http://ieeexplore.ieee.org/abstract/document/1657940/},
volume = {23},
year = {2006}
}

@misc{TamasSallai,
author = {{Tam{\'{a}}s Sallai}},
mendeley-groups = {bakk2},
title = {{Why Webpack 2's Tree Shaking is not as effective as you think - Advanced Web Machinery}},
url = {https://advancedweb.hu/2017/02/07/treeshaking/},
urldate = {2018-03-25}
}

@misc{RichHarris,
author = {{Rich Harris}},
mendeley-groups = {bakk2},
title = {{Webpack and Rollup: the same but different – webpack – Medium}},
url = {https://medium.com/webpack/webpack-and-rollup-the-same-but-different-a41ad427058c},
urldate = {2018-03-25}
}

@misc{NolanLawson,
author = {{Nolan Lawson}},
mendeley-groups = {bakk2},
title = {{The cost of small modules | Read the Tea Leaves}},
url = {https://nolanlawson.com/2016/08/15/the-cost-of-small-modules/},
urldate = {2018-03-25}
}

@misc{ESLintAbout,
author = {ESLintAbout},
mendeley-groups = {bakk2},
title = {{About - ESLint - Pluggable JavaScript linter}},
url = {https://eslint.org/docs/about/},
urldate = {2018-03-29}
}

@misc{Babel,
author = {Babel},
mendeley-groups = {bakk2},
title = {{Babel {\textperiodcentered} The compiler for writing next generation JavaScript}},
url = {http://babeljs.io/},
urldate = {2018-03-22}
}

@misc{CanIUseUsageTable,
author = {CanIUse},
mendeley-groups = {bakk2},
title = {{Browser Usage Table}},
url = {https://caniuse.com/usage-table},
urldate = {2018-03-22}
}

@misc{CanIUseES6,
author = {CanIUse},
mendeley-groups = {bakk2},
title = {{Support tables for ES6}},
url = {https://caniuse.com/{\#}search=es6},
urldate = {2018-03-22}
}

@misc{ES6Imports,
author = {matbad {Snapstromegon, Kani1013, michaelze, yampus, yannick{\_}versley, BennyAlex, Marzelpan, schlagi123, Breaker222, Simmarith}},
mendeley-groups = {bakk2},
title = {{import - JavaScript | MDN}},
url = {https://developer.mozilla.org/de/docs/Web/JavaScript/Reference/Statements/import},
urldate = {2018-03-13}
}

@misc{ES6Exports,
author = {sbusch schlagi123, Snapstromegon, thomaskempel, yampus, rroehrig, tuffi111},
mendeley-groups = {bakk2},
title = {{export - JavaScript | MDN}},
url = {https://developer.mozilla.org/de/docs/Web/JavaScript/Reference/Statements/export},
urldate = {2018-03-13}
}

@misc{ECMAScript,
author = {ECMAScript},
mendeley-groups = {bakk2},
title = {{ECMAScript 2015 Language Specification}},
url = {http://www.ecma-international.org/ecma-262/6.0/},
urldate = {2018-01-22},
year = {2015}
}

@misc{Rauschmayer2014,
author = {Rauschmayer, Axel},
mendeley-groups = {bakk2},
title = {{ECMAScript 6 modules: the final syntax}},
url = {http://2ality.com/2014/09/es6-modules-final.html},
urldate = {2018-03-13},
year = {2014}
}


@misc{Rauschmayer2018,
author = {Rauschmayer, Axel},
mendeley-groups = {bakk2},
title = {{Exploring ES6}},
url = {http://exploringjs.com/es6/index.html},
urldate = {2018-06-25},
year = {2018}
}

@misc{SebastianPeyrott,
author = {{Sebastian Peyrott}},
mendeley-groups = {bakk2},
title = {{JavaScript Module Systems Showdown: CommonJS vs AMD vs ES2015}},
url = {https://auth0.com/blog/javascript-module-systems-showdown/},
urldate = {2018-03-12}
}

@misc{RichHarris,
author = {{Rich Harris}},
mendeley-groups = {bakk2},
title = {{Webpack and Rollup: the same but different – webpack – Medium}},
url = {https://medium.com/webpack/webpack-and-rollup-the-same-but-different-a41ad427058c},
urldate = {2018-03-12}
}

@misc{WebpackConcepts,
author = {WebpackConcepts},
mendeley-groups = {bakk2},
title = {{Concepts}},
url = {https://webpack.js.org/concepts/},
urldate = {2018-03-12}
}

@misc{WebpackTreeShaking,
author = {WebpackTreeShaking},
mendeley-groups = {bakk2},
title = {{Webpack - Tree Shaking}},
url = {https://webpack.js.org/guides/tree-shaking/},
urldate = {2018-03-20}
}

@misc{RollupJSDocs,
author = {RollupJSDocs},
mendeley-groups = {bakk2},
title = {{RollupJS}},
url = {https://rollupjs.org/guide/en},
urldate = {2018-03-12}
}

@misc{NpmDocs,
author = {Npm Docs},
mendeley-groups = {bakk2},
title = {{What is npm?}},
url = {https://docs.npmjs.com/getting-started/what-is-npm},
urldate = {2018-03-11}
}

@misc{DominikWilkowski,
author = {{Dominik Wilkowski}},
booktitle = {DailyJS},
mendeley-groups = {bakk2},
title = {npm and the front end},
url = {https://medium.com/dailyjs/npm-and-the-front-end-950c79fc22ce},
urldate = {2018-03-11}
}

@book{McConnell:2004:CCS:1096143,
	author = {McConnell, Steve},
	title = {Code Complete, Second Edition},
	year = {2004},
	isbn = {0735619670},
	publisher = {Microsoft Press},
	address = {Redmond, WA, USA},
}

@book{Vandevoorde:2002,
	author = {Vandevoorde, David and Josuttis, Nicolai M.},
	day = {22},
	isbn = {0201734842},
	month = {November},
	priority = {2},
	publisher = {Addison-Wesley Professional},
	title = {{C++ Templates: The Complete Guide}},
	year = {2002}
}
